<?xml version="1.0" encoding="UTF-8"?><collection xmlns="http://www.loc.gov/MARC21/slim"><record><leader>00724nam--2200205-i-4500</leader><controlfield tag="001">000016917</controlfield><controlfield tag="002">20161230</controlfield><controlfield tag="005">20161230201032</controlfield><controlfield tag="008">060222s1000------------r-----000-0-eng-d</controlfield><datafield ind1=" " ind2=" " tag="020"><subfield code="a">9971966808</subfield></datafield><datafield ind1=" " ind2=" " tag="040"><subfield code="a">IFIN-HH</subfield></datafield><datafield ind1=" " ind2=" " tag="080"><subfield code="a">539.18(061.3):539.1(061.3)</subfield></datafield><datafield ind1="1" ind2=" " tag="100"><subfield code="a">Dyck, Jr. Robert S. Van</subfield></datafield><datafield ind1="1" ind2="0" tag="245"><subfield code="a">Atomic physics 9</subfield><subfield code="b">Ninth international conference on atomic physics held at the university of washington july 23-27, 1984</subfield><subfield code="c">Robert s. van duck, jr. (conference co-chairman) e. norval fortson (conference chairman) (eds.)</subfield></datafield><datafield ind1=" " ind2=" " tag="260"><subfield code="a">Singapore</subfield><subfield code="b">World Scientific</subfield><subfield code="c">1984</subfield></datafield><datafield ind1=" " ind2=" " tag="300"><subfield code="a">557P</subfield></datafield><datafield ind1=" " ind2=" " tag="490"><subfield code="a">Atomic Physics</subfield></datafield><datafield ind1="1" ind2=" " tag="700"><subfield code="a">Fortson, E. Norvaal</subfield><subfield code="e">Ed</subfield></datafield><datafield ind1=" " ind2=" " tag="852"><subfield code="a">10056</subfield><subfield code="c">539</subfield></datafield><datafield ind1=" " ind2=" " tag="CAT"><subfield code="a">Sys</subfield><subfield code="c">20110921</subfield><subfield code="h">154225</subfield></datafield></record></collection>